@book{verhulst1985nonlinear,
   title =     {Nonlinear Differential Equations and Dynamical Systems},
   author =    {Ferdinand Verhulst},
   publisher = {Springer},
   isbn =      {0387506284; 9780387506289},
   year =      {1985},
   series =    {Universitext},
   edition =   {First Edition}
}

@book{wiggins2003introduction,
   title =     {Introduction to applied nonlinear dynamical systems and chaos},
   author =    {Wiggins S.},
   publisher = {Springer},
   isbn =      {0387001778},
   year =      {2003},
   series =    {},
   edition =   {2ed.},
   volume =    {}
}
